<?xml version="1.0" encoding="UTF-8"?><collection xmlns="http://www.loc.gov/MARC21/slim"><record><leader>00592nam--2200205-u-4500</leader><controlfield tag="001">000052001</controlfield><controlfield tag="002">20161230</controlfield><controlfield tag="005">20161230201049</controlfield><controlfield tag="008">090526s1000------------r-----000-0-rum-d</controlfield><datafield ind1=" " ind2=" " tag="040"><subfield code="a">IFIN-HH</subfield></datafield><datafield ind1=" " ind2=" " tag="041"><subfield code="a">rum</subfield></datafield><datafield ind1=" " ind2=" " tag="080"><subfield code="a">537.311.33</subfield></datafield><datafield ind1="1" ind2=" " tag="100"><subfield code="a">Stancu, Viorica</subfield></datafield><datafield ind1="1" ind2="0" tag="245"><subfield code="a">Compusi semiconductori micro si nanocristalini obtinuti pe cale chimica</subfield><subfield code="b">Teza</subfield><subfield code="c">Viorica Stancu</subfield></datafield><datafield ind1=" " ind2=" " tag="260"><subfield code="a">Bucuresti</subfield><subfield code="b">Ifa</subfield><subfield code="c">2008</subfield></datafield><datafield ind1=" " ind2=" " tag="300"><subfield code="a">153 p</subfield></datafield><datafield ind1=" " ind2=" " tag="502"><subfield code="a">Conducator Stiitific: Prof. Dr. Toni Botila</subfield></datafield><datafield ind1=" " ind2="4" tag="650"><subfield code="a">Compusi semiconductori</subfield></datafield><datafield ind1=" " ind2=" " tag="852"><subfield code="a">82267</subfield><subfield code="c">537.311.33</subfield></datafield><datafield ind1=" " ind2=" " tag="CAT"><subfield code="a">Sys</subfield><subfield code="c">20110803</subfield><subfield code="h">105650</subfield></datafield></record></collection>